@misc{Old,
	title = "Mobile game industry",
	howpublished = "\url{https://crappygames.miraheze.org/wiki/Mobile_game_industry_(2016-present)}",
}
@misc{Bad,
	title = "Evolution of Mobile Gaming",
	howpublished = "\url{https://onextrapixel.com/evolution-of-mobile-gaming/l}",
}
@misc{Now,
	author = "Frans Mayra and  Kati Alha ",
	title = "Mobile Gaming",
	howpublished = "\url{https://www.researchgate.net/publication/346190697_Mobile_Gaming}",
}
@misc{Good,
	title = "The Future of Mobile Gaming",
	howpublished = "\url{https://thevideoink.com/future-of-mobile-gaming/l}",
}


